%% This BibTeX bibliography file was created using BibDesk.
%% http://bibdesk.sourceforge.net/


%% Created for Oliver Beckstein at 2017-03-17 02:38:37 -0700 


%% Saved with string encoding Unicode (UTF-8) 



@book{Wang:2015aa,
	Address = {Hoboken, NJ},
	Author = {Wang, Jay},
	Date-Added = {2017-03-17 09:36:51 +0000},
	Date-Modified = {2017-03-17 09:38:31 +0000},
	Keywords = {Python, textbook},
	Publisher = {John Wiley \& Sons},
	Title = {Computational Modelling and Visualization of Physical Systems with Python},
	Year = {2015}}

@article{Sawicki:2003aa,
	Author = {Sawicki, Gregory S. and Hubbard, Mont and Stronge, William J.},
	Date-Added = {2017-03-17 09:36:27 +0000},
	Date-Modified = {2017-03-17 09:36:30 +0000},
	Doi = {10.1119/1.1604384},
	Issn = {1943-2909},
	Journal = {American Journal of Physics},
	Month = {Nov},
	Number = {11},
	Pages = {1152--1162},
	Publisher = {American Association of Physics Teachers (AAPT)},
	Title = {How to hit home runs: Optimum baseball bat swing parameters for maximum range trajectories},
	Url = {http://dx.doi.org/10.1119/1.1604384},
	Volume = {71},
	Year = {2003},
	Bdsk-File-1 = {YnBsaXN0MDDUAQIDBAUGJCVYJHZlcnNpb25YJG9iamVjdHNZJGFyY2hpdmVyVCR0b3ASAAGGoKgHCBMUFRYaIVUkbnVsbNMJCgsMDxJXTlMua2V5c1pOUy5vYmplY3RzViRjbGFzc6INDoACgAOiEBGABIAFgAdccmVsYXRpdmVQYXRoWWFsaWFzRGF0YV8Qfi4uLy4uLy4uLy4uLy4uLy4uLy4uLy4uLy4uLy4uL1VzZXJzL29saXZlci9Eb2N1bWVudHMvUHVibGljYXRpb25zL3BkZi9CaWJEZXNrL0FtZXJpY2FuIEpvdXJuYWwgb2YgUGh5c2ljc183MV9TYXdpY2tpXzIwMDNhLnBkZtIXCxgZV05TLmRhdGFPEQIUAAAAAAIUAAIAAAREYXRhAAAAAAAAAAAAAAAAAAAAAAAAAAAAAADTJAwMSCsAAAAWMkAfQW1lcmljYW4gSm91cm5hbCBvZiAjNUIzQkI5LnBkZgAAAAAAAAAAAAAAAAAAAAAAAAAAAAAAAAAAAAAAAAAAAFs7udTw/CQAAAAAAAAAAAAGAAQAAAkAAAAAAAAAAAAAAAAAAAAAB0JpYkRlc2sAABAACAAA0yRufAAAABEACAAA1PFelAAAAAEAFAAWMkAAFjI+ABYvWAAVPgwAABnhAAIAU0RhdGE6b2xpdmVyOgBEb2N1bWVudHM6AFB1YmxpY2F0aW9uczoAcGRmOgBCaWJEZXNrOgBBbWVyaWNhbiBKb3VybmFsIG9mICM1QjNCQjkucGRmAAAOAGIAMABBAG0AZQByAGkAYwBhAG4AIABKAG8AdQByAG4AYQBsACAAbwBmACAAUABoAHkAcwBpAGMAcwBfADcAMQBfAFMAYQB3AGkAYwBrAGkAXwAyADAAMAAzAGEALgBwAGQAZgAPAAoABABEAGEAdABhABIAWy9vbGl2ZXIvRG9jdW1lbnRzL1B1YmxpY2F0aW9ucy9wZGYvQmliRGVzay9BbWVyaWNhbiBKb3VybmFsIG9mIFBoeXNpY3NfNzFfU2F3aWNraV8yMDAzYS5wZGYAABMADS9Wb2x1bWVzL0RhdGEA//8AAIAG0hscHR5aJGNsYXNzbmFtZVgkY2xhc3Nlc11OU011dGFibGVEYXRhox0fIFZOU0RhdGFYTlNPYmplY3TSGxwiI1xOU0RpY3Rpb25hcnmiIiBfEA9OU0tleWVkQXJjaGl2ZXLRJidUcm9vdIABAAgAEQAaACMALQAyADcAQABGAE0AVQBgAGcAagBsAG4AcQBzAHUAdwCEAI4BDwEUARwDNAM2AzsDRgNPA10DYQNoA3EDdgODA4YDmAObA6AAAAAAAAACAQAAAAAAAAAoAAAAAAAAAAAAAAAAAAADog==}}

@article{Adair:2005aa,
	Author = {Adair, Robert K.},
	Date-Added = {2017-03-17 09:35:59 +0000},
	Date-Modified = {2017-03-17 09:36:06 +0000},
	Doi = {10.1119/1.1794754},
	Issn = {1943-2909},
	Journal = {American Journal of Physics},
	Month = {Feb},
	Number = {2},
	Pages = {184--185},
	Publisher = {American Association of Physics Teachers (AAPT)},
	Title = {Comment on ``How to hit home runs: Optimum baseball bat swing parameters for maximum range trajectories,'' by Gregory S. Sawicki, Mont Hubbard, and William J. Stronge [Am. J. Phys. 71 (11), 1152--1162 (2003)]},
	Url = {http://dx.doi.org/10.1119/1.1794754},
	Volume = {73},
	Year = {2005},
	Bdsk-File-1 = {YnBsaXN0MDDUAQIDBAUGJCVYJHZlcnNpb25YJG9iamVjdHNZJGFyY2hpdmVyVCR0b3ASAAGGoKgHCBMUFRYaIVUkbnVsbNMJCgsMDxJXTlMua2V5c1pOUy5vYmplY3RzViRjbGFzc6INDoACgAOiEBGABIAFgAdccmVsYXRpdmVQYXRoWWFsaWFzRGF0YV8QfC4uLy4uLy4uLy4uLy4uLy4uLy4uLy4uLy4uLy4uL1VzZXJzL29saXZlci9Eb2N1bWVudHMvUHVibGljYXRpb25zL3BkZi9CaWJEZXNrL0FtZXJpY2FuIEpvdXJuYWwgb2YgUGh5c2ljc183M19BZGFpcl8yMDA1YS5wZGbSFwsYGVdOUy5kYXRhTxECDgAAAAACDgACAAAERGF0YQAAAAAAAAAAAAAAAAAAAAAAAAAAAAAA0yQMDEgrAAAAFjJAH0FtZXJpY2FuIEpvdXJuYWwgb2YgIzVCM0JCMi5wZGYAAAAAAAAAAAAAAAAAAAAAAAAAAAAAAAAAAAAAAAAAAABbO7LU8PrRAAAAAAAAAAAABgAEAAAJAAAAAAAAAAAAAAAAAAAAAAdCaWJEZXNrAAAQAAgAANMkbnwAAAARAAgAANTxXUEAAAABABQAFjJAABYyPgAWL1gAFT4MAAAZ4QACAFNEYXRhOm9saXZlcjoARG9jdW1lbnRzOgBQdWJsaWNhdGlvbnM6AHBkZjoAQmliRGVzazoAQW1lcmljYW4gSm91cm5hbCBvZiAjNUIzQkIyLnBkZgAADgBeAC4AQQBtAGUAcgBpAGMAYQBuACAASgBvAHUAcgBuAGEAbAAgAG8AZgAgAFAAaAB5AHMAaQBjAHMAXwA3ADMAXwBBAGQAYQBpAHIAXwAyADAAMAA1AGEALgBwAGQAZgAPAAoABABEAGEAdABhABIAWS9vbGl2ZXIvRG9jdW1lbnRzL1B1YmxpY2F0aW9ucy9wZGYvQmliRGVzay9BbWVyaWNhbiBKb3VybmFsIG9mIFBoeXNpY3NfNzNfQWRhaXJfMjAwNWEucGRmAAATAA0vVm9sdW1lcy9EYXRhAP//AACABtIbHB0eWiRjbGFzc25hbWVYJGNsYXNzZXNdTlNNdXRhYmxlRGF0YaMdHyBWTlNEYXRhWE5TT2JqZWN00hscIiNcTlNEaWN0aW9uYXJ5oiIgXxAPTlNLZXllZEFyY2hpdmVy0SYnVHJvb3SAAQAIABEAGgAjAC0AMgA3AEAARgBNAFUAYABnAGoAbABuAHEAcwB1AHcAhACOAQ0BEgEaAywDLgMzAz4DRwNVA1kDYANpA24DewN+A5ADkwOYAAAAAAAAAgEAAAAAAAAAKAAAAAAAAAAAAAAAAAAAA5o=}}

@article{Frohlich:1984aa,
	Author = {Frohlich, Cliff},
	Date-Added = {2017-03-17 09:24:01 +0000},
	Date-Modified = {2017-03-17 09:24:04 +0000},
	Doi = {10.1119/1.13883},
	Issn = {1943-2909},
	Journal = {American Journal of Physics},
	Month = {Apr},
	Number = {4},
	Pages = {325--334},
	Publisher = {American Association of Physics Teachers (AAPT)},
	Title = {Aerodynamic drag crisis and its possible effect on the flight of baseballs},
	Url = {http://dx.doi.org/10.1119/1.13883},
	Volume = {52},
	Year = {1984},
	Bdsk-File-1 = {YnBsaXN0MDDUAQIDBAUGJCVYJHZlcnNpb25YJG9iamVjdHNZJGFyY2hpdmVyVCR0b3ASAAGGoKgHCBMUFRYaIVUkbnVsbNMJCgsMDxJXTlMua2V5c1pOUy5vYmplY3RzViRjbGFzc6INDoACgAOiEBGABIAFgAdccmVsYXRpdmVQYXRoWWFsaWFzRGF0YV8Qfy4uLy4uLy4uLy4uLy4uLy4uLy4uLy4uLy4uLy4uL1VzZXJzL29saXZlci9Eb2N1bWVudHMvUHVibGljYXRpb25zL3BkZi9CaWJEZXNrL0FtZXJpY2FuIEpvdXJuYWwgb2YgUGh5c2ljc181Ml9Gcm9obGljaF8xOTg0YS5wZGbSFwsYGVdOUy5kYXRhTxECFgAAAAACFgACAAAERGF0YQAAAAAAAAAAAAAAAAAAAAAAAAAAAAAA0yQMDEgrAAAAFjJAH0FtZXJpY2FuIEpvdXJuYWwgb2YgIzVCM0JBOC5wZGYAAAAAAAAAAAAAAAAAAAAAAAAAAAAAAAAAAAAAAAAAAABbO6jU8PkfAAAAAAAAAAAABgAEAAAJAAAAAAAAAAAAAAAAAAAAAAdCaWJEZXNrAAAQAAgAANMkbnwAAAARAAgAANTxW48AAAABABQAFjJAABYyPgAWL1gAFT4MAAAZ4QACAFNEYXRhOm9saXZlcjoARG9jdW1lbnRzOgBQdWJsaWNhdGlvbnM6AHBkZjoAQmliRGVzazoAQW1lcmljYW4gSm91cm5hbCBvZiAjNUIzQkE4LnBkZgAADgBkADEAQQBtAGUAcgBpAGMAYQBuACAASgBvAHUAcgBuAGEAbAAgAG8AZgAgAFAAaAB5AHMAaQBjAHMAXwA1ADIAXwBGAHIAbwBoAGwAaQBjAGgAXwAxADkAOAA0AGEALgBwAGQAZgAPAAoABABEAGEAdABhABIAXC9vbGl2ZXIvRG9jdW1lbnRzL1B1YmxpY2F0aW9ucy9wZGYvQmliRGVzay9BbWVyaWNhbiBKb3VybmFsIG9mIFBoeXNpY3NfNTJfRnJvaGxpY2hfMTk4NGEucGRmABMADS9Wb2x1bWVzL0RhdGEA//8AAIAG0hscHR5aJGNsYXNzbmFtZVgkY2xhc3Nlc11OU011dGFibGVEYXRhox0fIFZOU0RhdGFYTlNPYmplY3TSGxwiI1xOU0RpY3Rpb25hcnmiIiBfEA9OU0tleWVkQXJjaGl2ZXLRJidUcm9vdIABAAgAEQAaACMALQAyADcAQABGAE0AVQBgAGcAagBsAG4AcQBzAHUAdwCEAI4BEAEVAR0DNwM5Az4DSQNSA2ADZANrA3QDeQOGA4kDmwOeA6MAAAAAAAACAQAAAAAAAAAoAAAAAAAAAAAAAAAAAAADpQ==}}

@book{Adair:2002aa,
	Address = {New York},
	Author = {Adair, R. K.},
	Date-Added = {2017-03-17 09:05:44 +0000},
	Date-Modified = {2017-03-17 09:07:16 +0000},
	Edition = {3rd ed},
	Keywords = {baseball},
	Publisher = {Harper \& Row, Publishers Inc.},
	Title = {The Physics of Baseball},
	Year = {2002}}

@article{Kagan_2014,
	Author = {Kagan, David and Nathan, Alan M.},
	Date-Added = {2017-03-17 09:03:37 +0000},
	Date-Modified = {2017-03-17 09:03:37 +0000},
	Doi = {10.1119/1.4872406},
	Issn = {0031-921X},
	Journal = {The Physics Teacher},
	Month = {May},
	Number = {5},
	Pages = {278--280},
	Publisher = {American Association of Physics Teachers (AAPT)},
	Title = {Simplified Models for the Drag Coefficient of a Pitched Baseball},
	Url = {http://dx.doi.org/10.1119/1.4872406},
	Volume = {52},
	Year = {2014},
	Bdsk-File-1 = {YnBsaXN0MDDUAQIDBAUGJCVYJHZlcnNpb25YJG9iamVjdHNZJGFyY2hpdmVyVCR0b3ASAAGGoKgHCBMUFRYaIVUkbnVsbNMJCgsMDxJXTlMua2V5c1pOUy5vYmplY3RzViRjbGFzc6INDoACgAOiEBGABIAFgAdccmVsYXRpdmVQYXRoWWFsaWFzRGF0YV8QUS4uLy4uLy4uLy4uLy4uLy4uL1B1YmxpY2F0aW9ucy9wZGYvQmliRGVzay9UaGUgUGh5c2ljcyBUZWFjaGVyXzUyX0thZ2FuXzIwMTRhLnBkZtIXCxgZV05TLmRhdGFPEQH2AAAAAAH2AAIAAAREYXRhAAAAAAAAAAAAAAAAAAAAAAAAAAAAAADTJAwMSCsAAAAWMkAfVGhlIFBoeXNpY3MgVGVhY2hlcl8jNUIzQjc4LnBkZgAAAAAAAAAAAAAAAAAAAAAAAAAAAAAAAAAAAAAAAAAAAFs7eNTw9G8AAAAAAAAAAAAGAAQAAAkAAAAAAAAAAAAAAAAAAAAAB0JpYkRlc2sAABAACAAA0yRufAAAABEACAAA1PFW3wAAAAEAFAAWMkAAFjI+ABYvWAAVPgwAABnhAAIAU0RhdGE6b2xpdmVyOgBEb2N1bWVudHM6AFB1YmxpY2F0aW9uczoAcGRmOgBCaWJEZXNrOgBUaGUgUGh5c2ljcyBUZWFjaGVyXyM1QjNCNzgucGRmAAAOAE4AJgBUAGgAZQAgAFAAaAB5AHMAaQBjAHMAIABUAGUAYQBjAGgAZQByAF8ANQAyAF8ASwBhAGcAYQBuAF8AMgAwADEANABhAC4AcABkAGYADwAKAAQARABhAHQAYQASAFEvb2xpdmVyL0RvY3VtZW50cy9QdWJsaWNhdGlvbnMvcGRmL0JpYkRlc2svVGhlIFBoeXNpY3MgVGVhY2hlcl81Ml9LYWdhbl8yMDE0YS5wZGYAABMADS9Wb2x1bWVzL0RhdGEA//8AAIAG0hscHR5aJGNsYXNzbmFtZVgkY2xhc3Nlc11OU011dGFibGVEYXRhox0fIFZOU0RhdGFYTlNPYmplY3TSGxwiI1xOU0RpY3Rpb25hcnmiIiBfEA9OU0tleWVkQXJjaGl2ZXLRJidUcm9vdIABAAgAEQAaACMALQAyADcAQABGAE0AVQBgAGcAagBsAG4AcQBzAHUAdwCEAI4A4gDnAO8C6QLrAvAC+wMEAxIDFgMdAyYDKwM4AzsDTQNQA1UAAAAAAAACAQAAAAAAAAAoAAAAAAAAAAAAAAAAAAADVw==}}

@article{Kagan:2017aa,
	Author = {Kagan, David and Nathan, Alan M.},
	Date-Added = {2017-03-17 09:02:56 +0000},
	Date-Modified = {2017-03-17 09:03:12 +0000},
	Doi = {10.1119/1.4976652},
	Issn = {0031-921X},
	Journal = {The Physics Teacher},
	Month = {Mar},
	Number = {3},
	Pages = {134--136},
	Publisher = {American Association of Physics Teachers (AAPT)},
	Title = {Statcast and the Baseball Trajectory Calculator},
	Url = {http://dx.doi.org/10.1119/1.4976652},
	Volume = {55},
	Year = {2017},
	Bdsk-File-1 = {YnBsaXN0MDDUAQIDBAUGJCVYJHZlcnNpb25YJG9iamVjdHNZJGFyY2hpdmVyVCR0b3ASAAGGoKgHCBMUFRYaIVUkbnVsbNMJCgsMDxJXTlMua2V5c1pOUy5vYmplY3RzViRjbGFzc6INDoACgAOiEBGABIAFgAdccmVsYXRpdmVQYXRoWWFsaWFzRGF0YV8QUS4uLy4uLy4uLy4uLy4uLy4uL1B1YmxpY2F0aW9ucy9wZGYvQmliRGVzay9UaGUgUGh5c2ljcyBUZWFjaGVyXzU1X0thZ2FuXzIwMTdhLnBkZtIXCxgZV05TLmRhdGFPEQH2AAAAAAH2AAIAAAREYXRhAAAAAAAAAAAAAAAAAAAAAAAAAAAAAADTJAwMSCsAAAAWMkAfVGhlIFBoeXNpY3MgVGVhY2hlcl8jNUIzQjczLnBkZgAAAAAAAAAAAAAAAAAAAAAAAAAAAAAAAAAAAAAAAAAAAFs7c9Tw9EcAAAAAAAAAAAAGAAQAAAkAAAAAAAAAAAAAAAAAAAAAB0JpYkRlc2sAABAACAAA0yRufAAAABEACAAA1PFWtwAAAAEAFAAWMkAAFjI+ABYvWAAVPgwAABnhAAIAU0RhdGE6b2xpdmVyOgBEb2N1bWVudHM6AFB1YmxpY2F0aW9uczoAcGRmOgBCaWJEZXNrOgBUaGUgUGh5c2ljcyBUZWFjaGVyXyM1QjNCNzMucGRmAAAOAE4AJgBUAGgAZQAgAFAAaAB5AHMAaQBjAHMAIABUAGUAYQBjAGgAZQByAF8ANQA1AF8ASwBhAGcAYQBuAF8AMgAwADEANwBhAC4AcABkAGYADwAKAAQARABhAHQAYQASAFEvb2xpdmVyL0RvY3VtZW50cy9QdWJsaWNhdGlvbnMvcGRmL0JpYkRlc2svVGhlIFBoeXNpY3MgVGVhY2hlcl81NV9LYWdhbl8yMDE3YS5wZGYAABMADS9Wb2x1bWVzL0RhdGEA//8AAIAG0hscHR5aJGNsYXNzbmFtZVgkY2xhc3Nlc11OU011dGFibGVEYXRhox0fIFZOU0RhdGFYTlNPYmplY3TSGxwiI1xOU0RpY3Rpb25hcnmiIiBfEA9OU0tleWVkQXJjaGl2ZXLRJidUcm9vdIABAAgAEQAaACMALQAyADcAQABGAE0AVQBgAGcAagBsAG4AcQBzAHUAdwCEAI4A4gDnAO8C6QLrAvAC+wMEAxIDFgMdAyYDKwM4AzsDTQNQA1UAAAAAAAACAQAAAAAAAAAoAAAAAAAAAAAAAAAAAAADVw==}}

@article{Nathan:2008ac,
	Author = {Nathan, Alan M.},
	Date-Added = {2017-03-17 08:53:34 +0000},
	Date-Modified = {2017-03-17 08:54:40 +0000},
	Doi = {10.1119/1.2805242},
	Journal = {American Journal of Physics},
	Keywords = {baseball, PHY494},
	Number = {2},
	Pages = {119-124},
	Title = {The effect of spin on the flight of a baseball},
	Url = {http://dx.doi.org/10.1119/1.2805242},
	Volume = {76},
	Year = {2008},
	Abstract = {Measurements are presented of the Magnus force on a spinning baseball. The experiment utilizes a pitching machine to project the baseball horizontally, a high-speed motion analysis system to determine the initial velocity and angular velocity and to track the trajectory over 5m of flight, and a ruler to measure the total distance traversed. Speeds in the range v=50--110mph and spin rates ω (topspin or backspin) in the range 1500--4500rpm were utilized, corresponding to Reynolds numbers of Re=(1.1--2.4){\ $\times$}105 and spin factors S≡Rω∕v in the range 0.090--0.595. Least-squares fits were used to extract the initial parameters of the trajectory and to determine the lift coefficients. Comparison is made with previous measurements and parametrizations, and implications for the effect of spin on the flight of a baseball are discussed. The lift coefficient CL is found not to depend strongly on v at fixed values of S
.
},
	Bdsk-File-1 = {YnBsaXN0MDDUAQIDBAUGJCVYJHZlcnNpb25YJG9iamVjdHNZJGFyY2hpdmVyVCR0b3ASAAGGoKgHCBMUFRYaIVUkbnVsbNMJCgsMDxJXTlMua2V5c1pOUy5vYmplY3RzViRjbGFzc6INDoACgAOiEBGABIAFgAdccmVsYXRpdmVQYXRoWWFsaWFzRGF0YV8QWi4uLy4uLy4uLy4uLy4uLy4uL1B1YmxpY2F0aW9ucy9wZGYvQmliRGVzay9BbWVyaWNhbiBKb3VybmFsIG9mIFBoeXNpY3NfNzZfTmF0aGFuXzIwMDhhLnBkZtIXCxgZV05TLmRhdGFPEQIQAAAAAAIQAAIAAAREYXRhAAAAAAAAAAAAAAAAAAAAAAAAAAAAAADTJAwMSCsAAAAWMkAfQW1lcmljYW4gSm91cm5hbCBvZiAjNUIzQjY4LnBkZgAAAAAAAAAAAAAAAAAAAAAAAAAAAAAAAAAAAAAAAAAAAFs7aNTw8dYAAAAAAAAAAAAGAAQAAAkAAAAAAAAAAAAAAAAAAAAAB0JpYkRlc2sAABAACAAA0yRufAAAABEACAAA1PFURgAAAAEAFAAWMkAAFjI+ABYvWAAVPgwAABnhAAIAU0RhdGE6b2xpdmVyOgBEb2N1bWVudHM6AFB1YmxpY2F0aW9uczoAcGRmOgBCaWJEZXNrOgBBbWVyaWNhbiBKb3VybmFsIG9mICM1QjNCNjgucGRmAAAOAGAALwBBAG0AZQByAGkAYwBhAG4AIABKAG8AdQByAG4AYQBsACAAbwBmACAAUABoAHkAcwBpAGMAcwBfADcANgBfAE4AYQB0AGgAYQBuAF8AMgAwADAAOABhAC4AcABkAGYADwAKAAQARABhAHQAYQASAFovb2xpdmVyL0RvY3VtZW50cy9QdWJsaWNhdGlvbnMvcGRmL0JpYkRlc2svQW1lcmljYW4gSm91cm5hbCBvZiBQaHlzaWNzXzc2X05hdGhhbl8yMDA4YS5wZGYAEwANL1ZvbHVtZXMvRGF0YQD//wAAgAbSGxwdHlokY2xhc3NuYW1lWCRjbGFzc2VzXU5TTXV0YWJsZURhdGGjHR8gVk5TRGF0YVhOU09iamVjdNIbHCIjXE5TRGljdGlvbmFyeaIiIF8QD05TS2V5ZWRBcmNoaXZlctEmJ1Ryb290gAEACAARABoAIwAtADIANwBAAEYATQBVAGAAZwBqAGwAbgBxAHMAdQB3AIQAjgDrAPAA+AMMAw4DEwMeAycDNQM5A0ADSQNOA1sDXgNwA3MDeAAAAAAAAAIBAAAAAAAAACgAAAAAAAAAAAAAAAAAAAN6},
	Bdsk-Url-1 = {http://dx.doi.org/10.1119/1.2805242}}

@techreport{Nathan:2008aa,
	Address = {Urbana, IL},
	Author = {Nathan, Alan M.},
	Date-Added = {2017-03-17 08:40:20 +0000},
	Date-Modified = {2017-03-17 08:44:05 +0000},
	Institution = {University of Illinois, Urbana-Champaign},
	Keywords = {baseball, PHY494},
	Title = {The Effect of Spin-Down on the Flight of a Baseball},
	Url = {http://baseball.physics.illinois.edu/spindown.pdf},
	Year = {2008},
	Bdsk-File-1 = {YnBsaXN0MDDUAQIDBAUGJCVYJHZlcnNpb25YJG9iamVjdHNZJGFyY2hpdmVyVCR0b3ASAAGGoKgHCBMUFRYaIVUkbnVsbNMJCgsMDxJXTlMua2V5c1pOUy5vYmplY3RzViRjbGFzc6INDoACgAOiEBGABIAFgAdccmVsYXRpdmVQYXRoWWFsaWFzRGF0YV8QPS4uLy4uLy4uLy4uLy4uLy4uL1B1YmxpY2F0aW9ucy9wZGYvQmliRGVzay9fX05hdGhhbl8yMDA4YS5wZGbSFwsYGVdOUy5kYXRhTxEBrAAAAAABrAACAAAERGF0YQAAAAAAAAAAAAAAAAAAAAAAAAAAAAAA0yQMDEgrAAAAFjJAEl9fTmF0aGFuXzIwMDhhLnBkZgAAAAAAAAAAAAAAAAAAAAAAAAAAAAAAAAAAAAAAAAAAAAAAAAAAAAAAAAAAAABbO1LU8OwnAAAAAAAAAAAABgAEAAAJAAAAAAAAAAAAAAAAAAAAAAdCaWJEZXNrAAAQAAgAANMkbnwAAAARAAgAANTxTpcAAAABABQAFjJAABYyPgAWL1gAFT4MAAAZ4QACAEZEYXRhOm9saXZlcjoARG9jdW1lbnRzOgBQdWJsaWNhdGlvbnM6AHBkZjoAQmliRGVzazoAX19OYXRoYW5fMjAwOGEucGRmAA4AJgASAF8AXwBOAGEAdABoAGEAbgBfADIAMAAwADgAYQAuAHAAZABmAA8ACgAEAEQAYQB0AGEAEgA9L29saXZlci9Eb2N1bWVudHMvUHVibGljYXRpb25zL3BkZi9CaWJEZXNrL19fTmF0aGFuXzIwMDhhLnBkZgAAEwANL1ZvbHVtZXMvRGF0YQD//wAAgAbSGxwdHlokY2xhc3NuYW1lWCRjbGFzc2VzXU5TTXV0YWJsZURhdGGjHR8gVk5TRGF0YVhOU09iamVjdNIbHCIjXE5TRGljdGlvbmFyeaIiIF8QD05TS2V5ZWRBcmNoaXZlctEmJ1Ryb290gAEACAARABoAIwAtADIANwBAAEYATQBVAGAAZwBqAGwAbgBxAHMAdQB3AIQAjgDOANMA2wKLAo0CkgKdAqYCtAK4Ar8CyALNAtoC3QLvAvIC9wAAAAAAAAIBAAAAAAAAACgAAAAAAAAAAAAAAAAAAAL5},
	Bdsk-Url-1 = {http://baseball.physics.illinois.edu/spindown.pdf}}
